@article{2001,
  title={Mutations in a member of the ADAMTS gene family cause thrombotic thrombocytopenic purpura},
  author={Levy, Gallia G and Nichols, Wers},
  journal={Nature},
  volume={413},
  number={6855},
  pages={488},
  year={2001},
  publisher={Nature Publishing Group}
}
@article{zuckerman2001makes,
  title={What makes you think you're so popular? Self-evaluation maintenance and the subjective side of the" friendship paradox"},
  author={Zuckerman, Ezra W and Jost, John T},
  journal={Social Psychology Quarterly},
  pages={207--223},
  year={2001},
  publisher={JSTOR}
}